@Article{aulas,
    author = {Pedro Patinho and Pedro Salgueiro},
    title = {Aulas de Redes de Computadores},
    journal ={Universidade de Ã‰vora},
    year = {2022}
}
@misc{gfg,
    url = { https://www.geeksforgeeks.org/socket-programming-cc/},
    title = {Socket Programming in C/C++},
    author={ GeeksforGeeks},
    year = {2022},
    note={\\\textbf{\url{https://www.geeksforgeeks.org/socket-programming-cc/}}}
}